@article{larocca2021theory,
  title={Theory of overparametrization in quantum neural networks},
  author={Larocca, Martin and Ju, Nathan and Garc{\'\i}a-Mart{\'\i}n, Diego and Coles, Patrick J and Cerezo, M},
  journal={arXiv preprint arXiv:2109.11676},
  year={2021}
}

@book{cristianini2000introduction,
  title={An introduction to support vector machines and other kernel-based learning methods},
  author={Cristianini, Nello and Shawe-Taylor, John and others},
  year={2000},
  publisher={Cambridge university press}
}

@article{sankappanavar1981course,
  title={A course in universal algebra},
  author={Sankappanavar, Hanamantagouda P and Burris, Stanley},
  journal={Graduate Texts Math},
  volume={78},
  year={1981},
  publisher={Citeseer}
}

@article{bharti2021noisy,
  title={Noisy intermediate-scale quantum (NISQ) algorithms},
  author={Bharti, Kishor and Cervera-Lierta, Alba and Kyaw, Thi Ha and Haug, Tobias and Alperin-Lea, Sumner and Anand, Abhinav and Degroote, Matthias and Heimonen, Hermanni and Kottmann, Jakob S and Menke, Tim and others},
  journal={arXiv preprint arXiv:2101.08448},
  year={2021}
}

@article{cortes1995support,
  title={Support-vector networks},
  author={Cortes, Corinna and Vapnik, Vladimir},
  journal={Machine learning},
  volume={20},
  number={3},
  pages={273--297},
  year={1995},
  publisher={Springer}
}

@book{hall2013quantum,
  title={Quantum theory for mathematicians},
  author={Hall, Brian C},
  volume={267},
  year={2013},
  publisher={Springer}
}

@book{sansone1959orthogonal,
  title={Orthogonal functions},
  author={Sansone, Giovanni},
  volume={9},
  year={1959},
  publisher={Courier Corporation}
}

@misc{larocca2021diagnosing,
      title={Diagnosing barren plateaus with tools from quantum optimal control}, 
      author={Martin Larocca and Piotr Czarnik and Kunal Sharma and Gopikrishnan Muraleedharan and Patrick J. Coles and M. Cerezo},
      year={2021},
      eprint={2105.14377},
      archivePrefix={arXiv},
      primaryClass={quant-ph}
}

@article{kandala2017hardware,
  title={Hardware-efficient variational quantum eigensolver for small molecules and quantum magnets},
  author={Kandala, Abhinav and Mezzacapo, Antonio and Temme, Kristan and Takita, Maika and Brink, Markus and Chow, Jerry M and Gambetta, Jay M},
  journal={Nature},
  volume={549},
  number={7671},
  pages={242--246},
  year={2017},
  publisher={Nature Publishing Group}
}

@article{farhi2014quantum,
  title={A quantum approximate optimization algorithm},
  author={Farhi, Edward and Goldstone, Jeffrey and Gutmann, Sam},
  journal={arXiv preprint arXiv:1411.4028},
  year={2014}
}

@article{wecker2015progress,
  title={Progress towards practical quantum variational algorithms},
  author={Wecker, Dave and Hastings, Matthew B and Troyer, Matthias},
  journal={Physical Review A},
  volume={92},
  number={4},
  pages={042303},
  year={2015},
  publisher={APS}
}

@article{choquette2021quantum,
  title={Quantum-optimal-control-inspired ansatz for variational quantum algorithms},
  author={Choquette, Alexandre and Di Paolo, Agustin and Barkoutsos, Panagiotis Kl and S{\'e}n{\'e}chal, David and Tavernelli, Ivano and Blais, Alexandre},
  journal={Physical Review Research},
  volume={3},
  number={2},
  pages={023092},
  year={2021},
  publisher={APS}
}

@article{hadfield2019quantum,
  title={From the quantum approximate optimization algorithm to a quantum alternating operator ansatz},
  author={Hadfield, Stuart and Wang, Zhihui and Oâ€™Gorman, Bryan and Rieffel, Eleanor G and Venturelli, Davide and Biswas, Rupak},
  journal={Algorithms},
  volume={12},
  number={2},
  pages={34},
  year={2019},
  publisher={Multidisciplinary Digital Publishing Institute}
}

@article{zhu2020adaptive,
  title={An adaptive quantum approximate optimization algorithm for solving combinatorial problems on a quantum computer},
  author={Zhu, Linghua and Tang, Ho Lun and Barron, George S and Calderon-Vargas, FA and Mayhall, Nicholas J and Barnes, Edwin and Economou, Sophia E},
  journal={arXiv preprint arXiv:2005.10258},
  year={2020}
}

@article{lee2021progress,
  title={Progress toward favorable landscapes in quantum combinatorial optimization},
  author={Lee, Juneseo and Magann, Alicia B and Rabitz, Herschel A and Arenz, Christian},
  journal={Physical Review A},
  volume={104},
  number={3},
  pages={032401},
  year={2021},
  publisher={APS}
}
