@article{larocca2021theory,
  title={Theory of overparametrization in quantum neural networks},
  author={Larocca, Martin and Ju, Nathan and Garc{\'\i}a-Mart{\'\i}n, Diego and Coles, Patrick J and Cerezo, M},
  journal={arXiv preprint arXiv:2109.11676},
  year={2021}
}

@book{cristianini2000introduction,
  title={An introduction to support vector machines and other kernel-based learning methods},
  author={Cristianini, Nello and Shawe-Taylor, John and others},
  year={2000},
  publisher={Cambridge university press}
}

@article{sankappanavar1981course,
  title={A course in universal algebra},
  author={Sankappanavar, Hanamantagouda P and Burris, Stanley},
  journal={Graduate Texts Math},
  volume={78},
  year={1981},
  publisher={Citeseer}
}

@article{bharti2021noisy,
  title={Noisy intermediate-scale quantum (NISQ) algorithms},
  author={Bharti, Kishor and Cervera-Lierta, Alba and Kyaw, Thi Ha and Haug, Tobias and Alperin-Lea, Sumner and Anand, Abhinav and Degroote, Matthias and Heimonen, Hermanni and Kottmann, Jakob S and Menke, Tim and others},
  journal={arXiv preprint arXiv:2101.08448},
  year={2021}
}

@article{cortes1995support,
  title={Support-vector networks},
  author={Cortes, Corinna and Vapnik, Vladimir},
  journal={Machine learning},
  volume={20},
  number={3},
  pages={273--297},
  year={1995},
  publisher={Springer}
}

@book{hall2013quantum,
  title={Quantum theory for mathematicians},
  author={Hall, Brian C},
  volume={267},
  year={2013},
  publisher={Springer}
}

@book{sansone1959orthogonal,
  title={Orthogonal functions},
  author={Sansone, Giovanni},
  volume={9},
  year={1959},
  publisher={Courier Corporation}
}

@misc{larocca2021diagnosing,
      title={Diagnosing barren plateaus with tools from quantum optimal control}, 
      author={Martin Larocca and Piotr Czarnik and Kunal Sharma and Gopikrishnan Muraleedharan and Patrick J. Coles and M. Cerezo},
      year={2021},
      eprint={2105.14377},
      archivePrefix={arXiv},
      primaryClass={quant-ph}
}

@article{kandala2017hardware,
  title={Hardware-efficient variational quantum eigensolver for small molecules and quantum magnets},
  author={Kandala, Abhinav and Mezzacapo, Antonio and Temme, Kristan and Takita, Maika and Brink, Markus and Chow, Jerry M and Gambetta, Jay M},
  journal={Nature},
  volume={549},
  number={7671},
  pages={242--246},
  year={2017},
  publisher={Nature Publishing Group}
}

@article{farhi2014quantum,
  title={A quantum approximate optimization algorithm},
  author={Farhi, Edward and Goldstone, Jeffrey and Gutmann, Sam},
  journal={arXiv preprint arXiv:1411.4028},
  year={2014}
}

@article{wecker2015progress,
  title={Progress towards practical quantum variational algorithms},
  author={Wecker, Dave and Hastings, Matthew B and Troyer, Matthias},
  journal={Physical Review A},
  volume={92},
  number={4},
  pages={042303},
  year={2015},
  publisher={APS}
}

@article{choquette2021quantum,
  title={Quantum-optimal-control-inspired ansatz for variational quantum algorithms},
  author={Choquette, Alexandre and Di Paolo, Agustin and Barkoutsos, Panagiotis Kl and S{\'e}n{\'e}chal, David and Tavernelli, Ivano and Blais, Alexandre},
  journal={Physical Review Research},
  volume={3},
  number={2},
  pages={023092},
  year={2021},
  publisher={APS}
}

@article{hadfield2019quantum,
  title={From the quantum approximate optimization algorithm to a quantum alternating operator ansatz},
  author={Hadfield, Stuart and Wang, Zhihui and O’Gorman, Bryan and Rieffel, Eleanor G and Venturelli, Davide and Biswas, Rupak},
  journal={Algorithms},
  volume={12},
  number={2},
  pages={34},
  year={2019},
  publisher={Multidisciplinary Digital Publishing Institute}
}

@article{zhu2020adaptive,
  title={An adaptive quantum approximate optimization algorithm for solving combinatorial problems on a quantum computer},
  author={Zhu, Linghua and Tang, Ho Lun and Barron, George S and Calderon-Vargas, FA and Mayhall, Nicholas J and Barnes, Edwin and Economou, Sophia E},
  journal={arXiv preprint arXiv:2005.10258},
  year={2020}
}

@article{lee2021progress,
  title={Progress toward favorable landscapes in quantum combinatorial optimization},
  author={Lee, Juneseo and Magann, Alicia B and Rabitz, Herschel A and Arenz, Christian},
  journal={Physical Review A},
  volume={104},
  number={3},
  pages={032401},
  year={2021},
  publisher={APS}
}

@book{dalessandro2021introduction,
  title={Introduction to quantum control and dynamics},
  author={d'Alessandro, Domenico},
  year={2021},
  publisher={Chapman and Hall/CRC}
}

@article{mcclean2018barren,
  title={Barren plateaus in quantum neural network training landscapes},
  author={McClean, Jarrod R and Boixo, Sergio and Smelyanskiy, Vadim N and Babbush, Ryan and Neven, Hartmut},
  journal={Nature communications},
  volume={9},
  number={1},
  pages={1--6},
  year={2018},
  publisher={Nature Publishing Group}
}

@article{holmes2021connecting,
  title={Connecting ansatz expressibility to gradient magnitudes and barren plateaus},
  author={Holmes, Zo{\"e} and Sharma, Kunal and Cerezo, M and Coles, Patrick J},
  journal={arXiv preprint arXiv:2101.02138},
  year={2021}
}

@article{benedetti2021hardware,
   title={Hardware-efficient variational quantum algorithms for time evolution},
   volume={3},
   ISSN={2643-1564},
   url={http://dx.doi.org/10.1103/PhysRevResearch.3.033083},
   DOI={10.1103/physrevresearch.3.033083},
   number={3},
   journal={Physical Review Research},
   publisher={American Physical Society (APS)},
   author={Benedetti, Marcello and Fiorentini, Mattia and Lubasch, Michael},
   year={2021},
   month={Jul}
}

@article{meyer2021fisher,
   title={Fisher Information in Noisy Intermediate-Scale Quantum Applications},
   volume={5},
   ISSN={2521-327X},
   url={http://dx.doi.org/10.22331/q-2021-09-09-539},
   DOI={10.22331/q-2021-09-09-539},
   journal={Quantum},
   publisher={Verein zur Forderung des Open Access Publizierens in den Quantenwissenschaften},
   author={Meyer, Johannes Jakob},
   year={2021},
   month={Sep},
   pages={539}
}

@article{stokes2020quantum,
  title={Quantum natural gradient},
  author={Stokes, James and Izaac, Josh and Killoran, Nathan and Carleo, Giuseppe},
  journal={Quantum},
  volume={4},
  pages={269},
  year={2020},
  publisher={Verein zur F{\"o}rderung des Open Access Publizierens in den Quantenwissenschaften}
}

@article{koczor2019quantum,
  title={Quantum natural gradient generalised to non-unitary circuits},
  author={Koczor, B{\'a}lint and Benjamin, Simon C},
  journal={arXiv preprint arXiv:1912.08660},
  year={2019}
}

@article{gacon2021simultaneous,
  title={Simultaneous perturbation stochastic approximation of the quantum fisher information},
  author={Gacon, Julien and Zoufal, Christa and Carleo, Giuseppe and Woerner, Stefan},
  journal={arXiv preprint arXiv:2103.09232},
  year={2021}
}

@article{haug2021natural,
  title={Natural parameterized quantum circuit},
  author={Haug, Tobias and Kim, MS},
  journal={arXiv preprint arXiv:2107.14063},
  year={2021}
}

@book{boyd2004convex,
  title={Convex optimization},
  author={Boyd, Stephen and Boyd, Stephen P and Vandenberghe, Lieven},
  year={2004},
  publisher={Cambridge university press}
}

@book{nocedal2006numerical,
  title={Numerical optimization},
  author={Nocedal, Jorge and Wright, Stephen},
  year={2006},
  publisher={Springer Science \& Business Media}
}

@article{lloyd2014information,
  title={Information theoretical analysis of quantum optimal control},
  author={Lloyd, S and Montangero, Simone},
  journal={Physical review letters},
  volume={113},
  number={1},
  pages={010502},
  year={2014},
  publisher={APS}
}

@misc{nielsen2002quantum,
  title={Quantum computation and quantum information},
  author={Nielsen, Michael A and Chuang, Isaac},
  year={2002},
  publisher={American Association of Physics Teachers}
}

@article{manzano2020lindblad,
   title={A short introduction to the Lindblad master equation},
   volume={10},
   ISSN={2158-3226},
   url={http://dx.doi.org/10.1063/1.5115323},
   DOI={10.1063/1.5115323},
   number={2},
   journal={AIP Advances},
   publisher={AIP Publishing},
   author={Manzano, Daniel},
   year={2020},
   month={Feb},
   pages={025106}
}

@article{hartley1928transmission,
  title={Transmission of information 1},
  author={Hartley, Ralph VL},
  journal={Bell System technical journal},
  volume={7},
  number={3},
  pages={535--563},
  year={1928},
  publisher={Wiley Online Library}
}

@article{shannon1948mathematical,
  title={A mathematical theory of communication},
  author={Shannon, Claude Elwood},
  journal={The Bell system technical journal},
  volume={27},
  number={3},
  pages={379--423},
  year={1948},
  publisher={Nokia Bell Labs}
}

@article{van1995haar,
  title={The Haar measure on a compact quantum group},
  author={Van Daele, Alfons},
  journal={Proceedings of the American Mathematical Society},
  volume={123},
  number={10},
  pages={3125--3128},
  year={1995}
}

@article{rebentrost2014quantum,
  title={Quantum support vector machine for big data classification},
  author={Rebentrost, Patrick and Mohseni, Masoud and Lloyd, Seth},
  journal={Physical review letters},
  volume={113},
  number={13},
  pages={130503},
  year={2014},
  publisher={APS}
}

@article{li2011concise,
  title={Concise formulas for the area and volume of a hyperspherical cap},
  author={Li, Shengqiao},
  journal={Asian Journal of Mathematics and Statistics},
  volume={4},
  number={1},
  pages={66--70},
  year={2011}
}

@misc{lloyd2020quantum,
      title={Quantum embeddings for machine learning}, 
      author={Seth Lloyd and Maria Schuld and Aroosa Ijaz and Josh Izaac and Nathan Killoran},
      year={2020},
      eprint={2001.03622},
      archivePrefix={arXiv},
      primaryClass={quant-ph}
}

@article{lavrijsen2020classicalopt,
title = {Classical Optimizers for Noisy Intermediate-Scale Quantum Devices},
author = {Lavrijsen, Wim and Tudor, Ana and Müller, Juliane and Iancu, Costin and Jong, Wibe de},
doi = {},
url = {https://www.osti.gov/biblio/1615327}, journal = {},
place = {United States},
year = {2020},
month = {4}
} 

@Article{Havlíček2019,
author="Havl{\'i}{\v{c}}ek, Vojt{\v{e}}ch
and C{\'o}rcoles, Antonio D.
and Temme, Kristan
and Harrow, Aram W.
and Kandala, Abhinav
and Chow, Jerry M.
and Gambetta, Jay M.",
title="Supervised learning with quantum-enhanced feature spaces",
journal="Nature",
year="2019",
month="Mar",
day="01",
volume="567",
number="7747",
pages="209--212",
abstract="Machine learning and quantum computing are two technologies that each have the potential to alter how computation is performed to address previously untenable problems. Kernel methods for machine learning are ubiquitous in pattern recognition, with support vector machines (SVMs) being the best known method for classification problems. However, there are limitations to the successful solution to such classification problems when the feature space becomes large, and the kernel functions become computationally expensive to estimate. A core element in the computational speed-ups enabled by quantum algorithms is the exploitation of an exponentially large quantum state space through controllable entanglement and interference. Here we propose and experimentally implement two quantum algorithms on a superconducting processor. A key component in both methods is the use of the quantum state space as feature space. The use of a quantum-enhanced feature space that is only efficiently accessible on a quantum computer provides a possible path to quantum advantage. The algorithms solve a problem of supervised learning: the construction of a classifier. One method, the quantum variational classifier, uses a variational quantum circuit1,2 to classify the data in a way similar to the method of conventional SVMs. The other method, a quantum kernel estimator, estimates the kernel function on the quantum computer and optimizes a classical SVM. The two methods provide tools for exploring the applications of noisy intermediate-scale quantum computers3 to machine learning.",
issn="1476-4687",
doi="10.1038/s41586-019-0980-2",
url="https://doi.org/10.1038/s41586-019-0980-2"
}

@misc{farhi2018arxivclassification,
  doi = {10.48550/ARXIV.1802.06002},
  
  url = {https://arxiv.org/abs/1802.06002},
  
  author = {Farhi, Edward and Neven, Hartmut},
  
  keywords = {Quantum Physics (quant-ph), FOS: Physical sciences, FOS: Physical sciences},
  
  title = {Classification with Quantum Neural Networks on Near Term Processors},
  
  publisher = {arXiv},
  
  year = {2018},
  
  copyright = {arXiv.org perpetual, non-exclusive license}
}

@article{schuld2020circuitcentric,
  title = {Circuit-centric quantum classifiers},
  author = {Schuld, Maria and Bocharov, Alex and Svore, Krysta M. and Wiebe, Nathan},
  journal = {Phys. Rev. A},
  volume = {101},
  issue = {3},
  pages = {032308},
  numpages = {8},
  year = {2020},
  month = {Mar},
  publisher = {American Physical Society},
  doi = {10.1103/PhysRevA.101.032308},
  url = {https://link.aps.org/doi/10.1103/PhysRevA.101.032308}
}

@misc{zhang2020trainability,
  doi = {10.48550/ARXIV.2011.06258},
  
  url = {https://arxiv.org/abs/2011.06258},
  
  author = {Zhang, Kaining and Hsieh, Min-Hsiu and Liu, Liu and Tao, Dacheng},
  
  keywords = {Quantum Physics (quant-ph), FOS: Physical sciences, FOS: Physical sciences},
  
  title = {Toward Trainability of Quantum Neural Networks},
  
  publisher = {arXiv},
  
  year = {2020},
  
  copyright = {arXiv.org perpetual, non-exclusive license}
}

@Article{cerezo2021vqa,
author="Cerezo, M.
and Arrasmith, Andrew
and Babbush, Ryan
and Benjamin, Simon C.
and Endo, Suguru
and Fujii, Keisuke
and McClean, Jarrod R.
and Mitarai, Kosuke
and Yuan, Xiao
and Cincio, Lukasz
and Coles, Patrick J.",
title="Variational quantum algorithms",
journal="Nature Reviews Physics",
year="2021",
month="Sep",
day="01",
volume="3",
number="9",
pages="625--644",
abstract="Applications such as simulating complicated quantum systems or solving large-scale linear algebra problems are very challenging for classical computers, owing to the extremely high computational cost. Quantum computers promise a solution, although fault-tolerant quantum computers will probably not be available in the near future. Current quantum devices have serious constraints, including limited numbers of qubits and noise processes that limit circuit depth. Variational quantum algorithms (VQAs), which use a classical optimizer to train a parameterized quantum circuit, have emerged as a leading strategy to address these constraints. VQAs have now been proposed for essentially all applications that researchers have envisaged for quantum computers, and they appear to be the best hope for obtaining quantum advantage. Nevertheless, challenges remain, including the trainability, accuracy and efficiency of VQAs. Here we overview the field of VQAs, discuss strategies to overcome their challenges and highlight the exciting prospects for using them to obtain quantum advantage.",
issn="2522-5820",
doi="10.1038/s42254-021-00348-9",
url="https://doi.org/10.1038/s42254-021-00348-9"
}
]
